<?xml version="1.0" encoding="UTF-8"?><record xmlns="http://www.loc.gov/MARC21/slim" xmlns:cinclude="http://apache.org/cocoon/include/1.0" xmlns:zs="http://www.loc.gov/zing/srw/">
  <leader>00739nz  a2200169n  4500</leader>
  <controlfield tag="001">no 98132902 </controlfield>
  <controlfield tag="003">DLC</controlfield>
  <controlfield tag="005">19981224051258.6</controlfield>
  <controlfield tag="008">981223n| acannaab|          |a aaa     c</controlfield>
  <datafield tag="010" ind1=" " ind2=" ">
    <subfield code="a">no 98132902 </subfield>
  </datafield>
  <datafield tag="035" ind1=" " ind2=" ">
    <subfield code="a">(OCoLC)oca04887102 </subfield>
  </datafield>
  <datafield tag="040" ind1=" " ind2=" ">
    <subfield code="a">MoWgW</subfield>
    <subfield code="c">MoWgW</subfield>
  </datafield>
  <datafield tag="100" ind1="1" ind2="0">
    <subfield code="a">Martini, Matthias,</subfield>
    <subfield code="d">1572-1630</subfield>
  </datafield>
  <datafield tag="400" ind1="1" ind2="0">
    <subfield code="a">Martinius, Matthias,</subfield>
    <subfield code="d">1572-1630</subfield>
  </datafield>
  <datafield tag="670" ind1=" " ind2=" ">
    <subfield code="a">Christiana et catholica fides, 1618:</subfield>
    <subfield code="b">t.p. (per Matthiam Martinium, servum Christi in schola Bremensi)</subfield>
  </datafield>
  <datafield tag="670" ind1=" " ind2=" ">
    <subfield code="a">OCLC, Dec. 22, 1998</subfield>
    <subfield code="b">(hdg.: Martini, Matthias, 1572-1630)</subfield>
  </datafield>
  <datafield tag="670" ind1=" " ind2=" ">
    <subfield code="a">Herzog, J. RealencyklopaĚdie fuĚr protestantische Theologie und Kirche, 1896-1913</subfield>
    <subfield code="b">(Martinius, Matthias; b. 1572 in Freienhagen; d. June 21, 1630 near Bremen; Reformed pastor and theologian)</subfield>
  </datafield>
</record>